% Default BibTeX file
%
% You can add other bib files, you just need to add them to the \bibliography{}
% command in proposal.tex